@ARTICLE{Thas2012,
  author={Thas, O. and De Neve, J. and Clement, L. and Ottoy, J-P.},
  year={2012},
  title={Probabilistic Index Models (with discussion).},
  journal={Journal of the Royal Statistical Society - Series B},
  volume={74},
  pages={1-29}
}
